@Article{mgcv,
  title = {Fast stable restricted maximum likelihood and marginal 
likelihood estimation of semiparametric generalized linear models},
  journal = {Journal of the Royal Statistical Society (B)},
  volume = {73},
  number = {1},
  pages = {3-36},
  year = {2011},
  author = {S. N. Wood},
}

@Manual{r_program,
   title = {R: A Language and Environment for Statistical Computing},
   author = {{R Core Team}},
   organization = {R Foundation for Statistical Computing},
   address = {Vienna, Austria},
   year = {2023},
   url = {https://www.R-project.org/},
}

@Manual{circular,
    title = {{R} package \texttt{circular}: Circular Statistics (version 0.5-1)},
    author = {Claudio Agostinelli and Ulric Lund},
    year = {2024},
    url = {https://CRAN.R-project.org/package=circular},
  }